@article{kamide-2003,
  title={The time-course of prediction in incremental sentence processing: Evidence from anticipatory eye movements},
  author={Kamide, Yuki and Altmann, Gerry and Haywood, Sarah L},
  journal={Journal of Memory and Language},
  volume={49},
  number={1},
  pages={133--156},
  year={2003},
  publisher={Elsevier}
}

@misc{atilika-2012,
  title={Kuromoji morphological analyzer},
  author={Atilika},
  url={http://www.atilika.org},
  year={2012}
}

@article{teramura-1987,
  title={Kikitori ni okeru yosoku nouryoku to bunpouteki tisiki},
  author={Teramura, Hideo},
  journal={Nihongogaku},
  volume={3;6},
  pages={56--68},
  year={1987}
}


@article{kamide2003time,
  title={The time-course of prediction in incremental sentence processing: Evidence from anticipatory eye movements},
  author={Kamide, Yuki and Altmann, Gerry and Haywood, Sarah L},
  journal={Journal of Memory and Language},
  volume={49},
  number={1},
  pages={133--156},
  year={2003},
  publisher={Elsevier}
}

@inproceedings{kurohashi1994kn,
  title={Kn parser: Japanese dependency/case structure analyzer},
  author={Kurohashi, Sadao and Nagao, Makoto},
  booktitle={Proceedings of the Workshop on Sharable Natural Language Resources},
  pages={48--55},
  year={1994},
  organization={Citeseer}
}

@inproceedings{kneser1995improved,
  title={Improved backing-off for n-gram language modeling},
  author={Kneser, Reinhard and Ney, Hermann},
  booktitle={Acoustics, Speech, and Signal Processing, 1995. ICASSP-95., 1995 International Conference on},
  year={1995},
  organization={IEEE}
}

@article{neubig2011kyoto,
  title={The {K}yoto free translation task},
  author={Neubig, Graham},
  journal={Available online at http://www. phontron. com/kftt},
  year={2011}
}

@inproceedings{hoshino2013two,
  title={Two-Stage Pre-ordering for {J}apanese-to-{E}nglish Statistical Machine Translation},
  author={Hoshino, Sho and Miyao, Yusuke and Sudoh, Katsuhito and Nagata, Masaaki},
  booktitle=ijcnlp,
  year={2013}
}

@inproceedings{quasthoff2006corpus,
  title={Corpus portal for search in monolingual corpora},
  author={Quasthoff, Uwe and Richter, Matthias and Biemann, Christian},
  booktitle=lrec,
  pages={1799--1802},
  year={2006}
}

@article{fugen2007simultaneous,
  title={Simultaneous translation of lectures and speeches},
  author={Christian F{\"u}gen and Alex Waibel and Muntsin Kolss},
  journal={Machine Translation},
  volume={21},
  number={4},
  pages={209--252},
  year={2007},
  publisher={Springer}
}

@phdthesis{fugen2008system,
  title={A system for simultaneous translation of lectures and speeches},
  author={F{\"u}gen, Christian},
  year={2008},
  school={KIT-Bibliothek}
}

@book{wahlster2000verbmobil,
  title={Verbmobil: foundations of speech-to-speech translation},
  author={Wahlster, Wolfgang},
  year={2000},
  publisher={Springer}
}


@article{brown1992class,
  title={Class-based n-gram models of natural language},
  author={Brown, Peter F and Desouza, Peter V and Mercer, Robert L and Pietra, Vincent J Della and Lai, Jenifer C},
  journal={Computational linguistics},
  volume={18},
  number={4},
  pages={467--479},
  year={1992},
  publisher={MIT Press}
}

@article{halevy2009unreasonable,
  title={The unreasonable effectiveness of data},
  author={Halevy, Alon and Norvig, Peter and Pereira, Fernando},
  journal={Intelligent Systems, IEEE},
  volume={24},
  number={2},
  pages={8--12},
  year={2009},
  publisher={IEEE}
}

@article{miller1995wordnet,
  title={WordNet: a lexical database for English},
  author={Miller, George A},
  journal={Communications of the ACM},
  volume={38},
  number={11},
  pages={39--41},
  year={1995},
  publisher={ACM}
}

@article{gesmundo2014projecting,
  title={Projecting the Knowledge Graph to Syntactic Parsing},
  author={Gesmundo, Andrea and Hall, Keith B},
  journal={EACL 2014},
  pages={28},
  year={2014}
}

@article{van2005anticipating,
  title={Anticipating upcoming words in discourse: evidence from ERPs and reading times.},
  author={Van Berkum, Jos JA and Brown, Colin M and Zwitserlood, Pienie and Kooijman, Valesca and Hagoort, Peter},
  journal={Journal of Experimental Psychology: Learning, Memory, and Cognition},
  volume={31},
  number={3},
  pages={443},
  year={2005},
  publisher={American Psychological Association}
}

@article{kiani2009representation,
  title={Representation of confidence associated with a decision by neurons in the parietal cortex},
  author={Kiani, Roozbeh and Shadlen, Michael N},
  journal={Science},
  volume={324},
  number={5928},
  pages={759--764},
  year={2009},
  publisher={American Association for the Advancement of Science}
}

@article{knill2004bayesian,
  title={The Bayesian brain: the role of uncertainty in neural coding and computation},
  author={Knill, David C and Pouget, Alexandre},
  journal={TRENDS in Neurosciences},
  volume={27},
  number={12},
  pages={712--719},
  year={2004},
  publisher={Elsevier}
}

@inproceedings{frank2013word,
  title={Word surprisal predicts N400 amplitude during reading},
  author={Frank, Stefan L and Otten, Leun J and Galli, Giulia and Vigliocco, Gabriella},
  booktitle=acl,
  year={2013}
}

@inproceedings{sakamotodevelopment,
  title={Development of a Simultaneous Interpretation System for Face-to-Face Services and Its Evaluation Experiment in Real Situation},
  author={Sakamoto, Akiko and Watanabe, Nayuko and Kamatani, Satoshi and Sumita, Kazuo},
  booktitle="Proceedings of the XIV Machine Translation Summit",
  year={2013}
}

@incollection{ryu2012alignment,
  title={Alignment-Based Translation Unit for Simultaneous {J}apanese-{E}nglish Spoken Dialogue Translation},
  author={Ryu, Koichiro and Matsubara, Shigeki and Inagaki, Yasuyoshi},
  booktitle={Innovations in Intelligent Machines--2},
  pages={33--44},
  year={2012},
  publisher={Springer}
}

@inproceedings{mima1998simultaneous,
  title={Simultaneous interpretation utilizing example-based incremental transfer},
  author={Mima, Hideki and Iida, Hitoshi and Furuse, Osamu},
  booktitle={Proceedings of the 17th international conference on Computational linguistics-Volume 2},
  pages={855--861},
  year={1998},
  organization={Association for Computational Linguistics}
}

@book{gaiba1998origins,
  title={The origins of simultaneous interpretation: The Nuremberg Trial},
  author={Gaiba, Francesca},
  year={1998},
  publisher={University of Ottawa Press}
}

@article{lau2009lexical,
  title={A lexical basis for N400 context effects: Evidence from MEG},
  author={Lau, Ellen and Almeida, Diogo and Hines, Paul C and Poeppel, David},
  journal={Brain and language},
  volume={111},
  number={3},
  pages={161--172},
  year={2009},
  publisher={Elsevier}
}

@book{tomlin2014basic,
  title={Basic Word Order (RLE Linguistics B: Grammar): Functional Principles},
  author={Tomlin, Russell S},
  volume={13},
  year={2014},
  publisher={Routledge}
}




@inproceedings{pauls2011faster,
  title={Faster and smaller n-gram language models},
  author={Pauls, Adam and Klein, Dan},
  booktitle=acl,
  year={2011},
}

@inproceedings{chen2013multilingual,
  title={Multilingual web conferencing using speech-to-speech translation.},
  author={Chen, John and Wen, Shufei and Sridhar, Vivek Kumar Rangarajan and Bangalore, Srinivas},
  booktitle=interspeech,
  year={2013}
}

@inproceedings{ryu2006simultaneous,
  title={Simultaneous English-Japanese spoken language translation based on incremental dependency parsing and transfer},
  author={Ryu, Koichiro and Matsubara, Shigeki and Inagaki, Yasuyoshi},
  booktitle=acl,
  year={2006},

}
@article{momma2014timing,
  title={The timing of verb selection in English active and passive sentences},
  author={Momma, Shota and Slevc, Robert and Phillips, Colin},
  year={2014},
  journal={IEICE Technical Report}
}

@article{meyer1996lexical,
  title={Lexical access in phrase and sentence production: Results from picture--word interference experiments},
  author={Meyer, Antje S},
  journal={Journal of Memory and Language},
  volume={35},
  number={4},
  pages={477--496},
  year={1996},
  publisher={Elsevier}
}

@article{bock2002language,
  title={Language production},
  author={Bock, Kathryn and Levelt, Willern},
  journal={Psycholinguistics: Critical concepts in psychology},
  volume={5},
  pages={405},
  year={2002},
  publisher={Taylor \& Francis}
}

@article{ferreira2000syntax,
  title={Syntax in language production: An approach using tree-adjoining grammars},
  author={Ferreira, Fernanda},
  journal={Aspects of language production},
  pages={291--330},
  year={2000}
}

@article{kempen1983lexicalization,
  title={The lexicalization process in sentence production and naming: Indirect election of words},
  author={Kempen, Gerard and Huijbers, Pieter},
  journal={Cognition},
  volume={14},
  number={2},
  pages={185--209},
  year={1983},
  publisher={Elsevier}
}

@inproceedings{toutanova2003feature,
  title={Feature-rich part-of-speech tagging with a cyclic dependency network},
  author={Toutanova, Kristina and Klein, Dan and Manning, Christopher D and Singer, Yoram},
  booktitle=naacl,
  pages={173--180},
  year={2003},
}

@article{schriefers1998producing,
  title={Producing simple sentences: Results from picture--word interference experiments},
  author={Schriefers, H and Teruel, E and Meinshausen, RM},
  journal={Journal of Memory and Language},
  volume={39},
  number={4},
  pages={609--632},
  year={1998},
  publisher={Elsevier}
}


@inproceedings{grissom2014,
Title = {Don’t Until the Final Verb Wait: Reinforcement Learning for Simultaneous Machine Translation},
Booktitle = {EMNLP},
Author = {Alvin C. {Grissom II} and He He and Jordan Boyd-Graber and John Morgan and Hal {Daum\’{e} III}},
Year = {2014},
Location = {Doha, Qatar},
}
@incollection{matsubara1999sync,
  title={Sync/trans: Simultaneous machine interpretation between {E}nglish and {J}apanese},
    author={Matsubara, Shigeki and Toyama, Katsuhiko and Inagaki, Yasuyoshi},
      booktitle={Advanced Topics in Artificial Intelligence},
        pages={134--143},
	  year={1999},
	    publisher={Springer}
	    }

@inproceedings{chen2010semafor,
  title={SEMAFOR: Frame argument resolution with log-linear models},
    author={Chen, Desai and Schneider, Nathan and Das, Dipanjan and Smith, Noah A},
      booktitle={Proceedings of the 5th international workshop on semantic evaluation},
        pages={264--267},
	  year={2010},
	    organization={ACL}
	    }

@inproceedings{miyaojapanese,
  title={Japanese to English Machine Translation using Preordering and
                  Compositional Distributed Semantics},
    author={Sho Hoshino and Hubert Soyer and Yusuke Miyao and Akiko Aizawa},
    booktitle={Workshop on Asian Translation},
    year={2014}
    }