@String{aaai="Association for the Advancement of Artificial Intelligence (AAAI)"}
@String{aaim="International Conference on Algorithmic Aspects in Information and Management (AAIM)"}
@String{acl="Proceedings of the Association for Computational Linguistics (ACL)"}
@String{aistats="Proceedings of Artificial Intelligence and Statistics (AISTATS)"}
@String{cl="Computational Linguistics"}
@String{chi="International Conference on Human Factors in Computing Systems (CHI)"}
@String{cvpr="Computer Vision and Pattern Recognition (CVPR)"}
@String{coling="Proceedings of International Conference on Computational Linguistics (COLING)"}
@String{colt="Proceedings of Conference on Learning Theory (COLT)"}
@String{conll="Conference on Computational Natural Language Learning (CoNLL)"}
@String{eacl="Proceedings of the European Chapter of the Association for Computational Linguistics (EACL)"}
@String{ecml="Proceedings of European Conference of Machine Learning (ECML)"}
@String{emnlp="Proceedings of Emperical Methods in Natural Language Processing (EMNLP)"}
@String{hlt="Proceedings of the Human Language Technology Conference (HLT)"}
@String{ica="International Conference on Independent Component Analysis and Signal Separation (ICA)"}
@String{icdm="International Conference on Data Mining (ICDM)"}
@String{iccv="International Conference on Computer Vision (ICCV)"}
@String{icwsm="International Conference on Weblogs and Social Media (ICWSM)"}
@String{ai="Artificial Intelligence"}
@String{ijcai="International Joint Conference on Artificial Intelligence (IJCAI)"}
@String{ijcnlp="International Joint Conference on Artificial Intelligence (IJCNLP)"}
@String{ijcv="International Journal of Computer Vision"}
@String{icml="Proceedings of the International Conference of Machine Learning (ICML)"}
@String{ismir="International Society for Music Information Retrieval Conference (ISMIR)"}
@String{jacm="Journal of the Association for Computing Machinery (JACM)"}
@String{jasa="Journal of the American Statistical Association (JASA)"}
@String{lrec="International Language Resources and Evaluation (LREC)"}
@String{kdd="Knowledge Discovery and Data Mining (KDD)"}
@String{jmlr="Journal of Machine Learning Research (JMLR)"}
@String{cikm="Proceedings of the ACM International Conference on Information and Knowledge Management"}
@String{naacl="Conference of the North American Chapter of the Association for Computational Linguistics"}
@String{tacl="Transactions of the Association for Computational Linguistics"}
@String{nips="Proceedings of Advances in Neural Information Processing Systems"}
@String{osdi="Symposium on Operating System Design and Implementation"}
@String{pnas="Proceedings of the National Academy of Sciences"}
@String{sdm="SIAM on Data Mining"}
@String{semeval="Proceedings of the Workshop on Semantic Evaluation"}
@String{sigir="Proceedings of the ACM SIGIR Conference on Research and Development in Information Retrieval"}
@String{ecir="Proceedings of the European Conference on Information Retrieval"}
@String{uai="Proceedings of Uncertainty in Artificial Intelligence"}
@String{vldb="International Conference on Very Large Databases"}
@String{www="Proceedings of World Wide Web Conference"}
@String{icassp="IEEE International Conference on Acoustics, Speech, and Signal Processing"}
@String{ica="International Conference on Independent Component Analysis and Signal Separation"}
@String{sdm="Proceedings of SIAM International Conference on Data Mining"}
@String{taslp="Transactions on Audio, Speech, and Language Processing"}
@String{wsdm="Proceedings of ACM International Conference on Web Search and Data Mining"}

% These are hardly ever used
@String{nodalida="Proceedings of the Nordic Conference on Computational Linguistics"}
@String{adcs="Proceedings of the Aurstralasian Document Computing Symposium"}
