%% This BibTeX bibliography file was created using BibDesk.
%% http://bibdesk.sourceforge.net/


%% Created for Leonardo Claudino at 2014-01-28 02:41:33 -0200 


%% Saved with string encoding Unicode (UTF-8) 



@book{manning-schutze,
	Author = {Christopher Manning and Hinrich Sch\"utze},
	Date-Added = {2014-01-28 02:37:24 -0200},
	Date-Modified = {2014-01-28 02:41:33 -0200},
	Publisher = {Cambridge: MIT Press},
	Title = {{Foundations of Statistical Natural Language Processing}},
	Year = {1999}}

@electronic{nltk,
	Author = {Bird and Steven and Edward Loper and Ewan Klein},
	Date-Added = {2014-01-27 23:41:21 -0200},
	Date-Modified = {2014-01-28 02:33:27 -0200},
	Publisher = {O'Reilly Media Inc.},
	Title = {{Natural Language Processing with Python}. http://nltk.org},
	Year = {2009}}

@unpublished{evgeny,
	Author = {Evgeny Klochikhin},
	Date-Added = {2014-01-18 11:57:39 -0200},
	Date-Modified = {2014-01-18 11:58:22 -0200},
	Title = {Wikilabeling: an updated approach to classifying science},
	Year = {2013}}

@unpublished{interpretability,
	Author = {Jey Han Lau},
	Date-Added = {2014-01-18 11:47:30 -0200},
	Date-Modified = {2014-01-18 11:52:38 -0200},
	Note = {https://github.com/jhlau/topic\_interpretability},
	Title = {Topic interpretability source code}}

@inproceedings{newman-2010,
	Author = {David Newman and Jey Han Lau and Karl Grieser and Timothy Baldwin},
	Booktitle = {Human Language Technologies: The 11th Annual Conference of the North American Chapter of the Association for Computational Linguistics},
	Date-Added = {2014-01-18 11:34:17 -0200},
	Date-Modified = {2014-01-18 11:40:20 -0200},
	Pages = {100},
	Title = {Automatic Evaluation of Topic Coherence},
	Year = {2010}}

@unpublished{dualist,
	Author = {B. Settles},
	Date-Added = {2014-01-18 11:21:14 -0200},
	Date-Modified = {2014-01-18 11:22:36 -0200},
	Note = {http://code.google.com/p/dualist/},
	Title = {Dualist -- Interactive machine learning for text analysis}}

@unpublished{itm-code,
	Author = {Yuening Hu},
	Date-Added = {2014-01-18 10:53:30 -0200},
	Date-Modified = {2014-01-18 11:18:19 -0200},
	Note = {http://www.cs.umd.edu/$\sim$ynhu/code/tree-TM.zip},
	Title = {{ITM} source code},
	Year = {2013}}

@article{Hu:Boyd-Graber:Satinoff:Smith,
	Author = {Yuening Hu and Jordan Boyd-Graber and Brianna Satinoff and Alison Smith},
	Date-Added = {2014-01-18 10:46:13 -0200},
	Date-Modified = {2014-01-18 10:47:47 -0200},
	Journal = {Machine Learning Journal},
	Title = {Interactive Topic Modeling},
	Year = {2013}}

@unpublished{McCallumMALLET,
	Author = {Andrew Kachites McCallum},
	Date-Added = {2014-01-18 10:33:33 -0200},
	Date-Modified = {2014-01-18 10:55:42 -0200},
	Note = {http://mallet.cs.umass.edu},
	Title = {MALLET: A Machine Learning for Language Toolkit},
	Year = {2002}}
