@article{IyyerEtAl2014,
    Author = {Mohit Iyyer and Peter Enns and Jordan Boyd-Graber and Philip Resnik},
    Booktitle = acl,
    Year = {2014},
    Title = {Political Ideology Detection Using Recursive Neural Networks},
}

@inproceedings{IyyerQA2014,
Title = {A Neural Network for Factoid Question Answering over Paragraphs},
Author = {Mohit Iyyer and Jordan Boyd-Graber and Leonardo Claudino and Richard Socher and Hal {Daum\'e III}},
Booktitle = emnlp,
Year = {2014}
}

@inproceedings{SocherEtAl2011:RAE,
author = {Richard Socher and Jeffrey Pennington and Eric H. Huang and Andrew Y. Ng and Christopher D. Manning},
title = {{Semi-Supervised Recursive Autoencoders for Predicting Sentiment Distributions}},
booktitle = emnlp,
year = 2011
}

@InProceedings{kim:2014:EMNLP2014,
  author    = {Kim, Yoon},
  title     = {Convolutional Neural Networks for Sentence Classification},
  booktitle = emnlp,
  year      = {2014}
}

@inproceedings{cho2014learning,
  title={Learning Phrase Representations using RNN Encoder-Decoder for Statistical Machine Translation},
  author={Cho, Kyunghyun and van Merrienboer, Bart and Gulcehre, Caglar and Bougares, Fethi and Schwenk, Holger and Bengio, Yoshua},
  booktitle = emnlp,
  year={2014}
}

@inproceedings{SocherEtAl2011:PoolRAE,
title = {{Dynamic Pooling and Unfolding Recursive Autoencoders for Paraphrase Detection}},
author = {Richard Socher and Eric H. Huang and Jeffrey Pennington and Andrew Y. Ng and Christopher D. Manning},
booktitle = nips,
year = {2011}
}

@inproceedings{LeEtAl2012,
title = {Building high-level features using large scale unsupervised learning},
author  = {Quoc Le and Marc'Aurelio Ranzato and Rajat Monga and Matthieu Devin and Kai Chen and Greg Corrado and Jeff Dean and Andrew Ng},
year  = 2012,
booktitle = icml
}


@article{sochergrounded,
  title={Grounded Compositional Semantics for Finding and Describing Images with Sentences.},
  author={Socher, Richard and Le, Quoc V and Manning, Christopher D and Ng, Andrew Y},
  journal = {TACL},
  year = {2014}
}

@inproceedings{socher2013recursive,
  title={Recursive deep models for semantic compositionality over a sentiment treebank},
  author={Socher, Richard and Perelygin, Alex and Wu, Jean Y and Chuang, Jason and Manning, Christopher D and Ng, Andrew Y and Potts, Christopher},
  booktitle=emnlp,
  year={2013}
}

@incollection{SocherChenManningNg2013,
title = {{Reasoning With Neural Tensor Networks For Knowledge Base Completion}},
author = {Richard Socher and Danqi Chen and Christopher D. Manning and Andrew Y. Ng},
booktitle = nips,
year = {2013}
}

@inproceedings{zanzotto2010estimating,
  title={Estimating linear models for compositional distributional semantics},
  author={Zanzotto, Fabio Massimo and Korkontzelos, Ioannis and Fallucchi, Francesca and Manandhar, Suresh},
  booktitle=coling,
  year={2010}
  }

@inproceedings{weston2011wsabie,
  title={Wsabie: Scaling up to large vocabulary image annotation},
  author={Weston, Jason and Bengio, Samy and Usunier, Nicolas},
  booktitle=ijcai,
  year={2011}
}

@inproceedings{usunier2009ranking,
  title={Ranking with ordered weighted pairwise classification},
  author={Usunier, Nicolas and Buffoni, David and Gallinari, Patrick},
  booktitle=icml,
  year={2009},
}

@inproceedings{moritzframe,
title = {Semantic Frame Identification with Distributed Word Representations},
author  = {Karl Moritz Hermann and Dipanjan Das and Jason Weston and Kuzman Ganchev},
year  = 2014,
booktitle = acl
}

@inproceedings{baroni2014don,
  title={Donâ€™t count, predict! A systematic comparison of context-counting vs. context-predicting semantic vectors},
  author={Baroni, Marco and Dinu, Georgiana and Kruszewski, Germ{\'a}n},
  year = 2014,
  booktitle = acl
}

@InProceedings{Hermann:2014:ACLphil,
  author    = {Hermann, Karl Moritz and Blunsom, Phil},
  title     = {{Multilingual Models for Compositional Distributional Semantics}},
  booktitle = acl,
  year      = {2014}
}

@inproceedings{glove2014,
  title={Glove: Global Vectors for Word Representation},
  author={Jeffrey Pennington and Richard Socher and Christopher Manning},
  year=2014,
  booktitle=emnlp
}

@inproceedings{eisner-1996-coling,
  author =      {Jason Eisner},
  title =       {Three New Probabilistic Models for Dependency Parsing:
                 An Exploration},
  booktitle =   coling,
  year =        1996,
}

@inproceedings{finkel2007infinite,
  title={The Infinite Tree},
  author={Finkel, Jenny Rose and Grenager, Trond and Manning, Christopher D},
  year=2007,
  booktitle = acl
}

@inproceedings{pasupat2014extraction,
  author = {P. Pasupat and P. Liang},
  booktitle = acl,
  title = {Zero-shot Entity Extraction from Web Pages},
  year = {2014},
}

@inproceedings{le2014distributed,
  title={Distributed Representations of Sentences and Documents},
  author={Le, Quoc V and Mikolov, Tomas},
  booktitle=icml,
  year={2014}
}

@inproceedings{mikolovphrase,
  author    = {Tomas Mikolov and
               Ilya Sutskever and
               Kai Chen and
               Gregory S. Corrado and
               Jeffrey Dean},
  title     = {Distributed Representations of Words and Phrases and their Compositionality},
  year=2013,
  booktitle = nips
}

@article{lafferty2001conditional,
  title={Conditional random fields: Probabilistic models for segmenting and labeling sequence data},
  author={Lafferty, John and McCallum, Andrew and Pereira, Fernando CN},
  booktitle=icml,
  year={2001}
}

@unpublished{McCallumMALLET,
  author = "Andrew Kachites McCallum",
  title = "MALLET: A Machine Learning for Language Toolkit",
  note = "http://mallet.cs.umass.edu",
  year = 2002}

@article {erk2012,
author = {Erk, Katrin},
title = {Vector Space Models of Word Meaning and Phrase Meaning: A Survey},
journal = {Language and Linguistics Compass},
year = {2012}
}

@inproceedings{dinu2014make,
  title={How to make words with vectors: Phrase generation in distributional semantics},
  author={Dinu, Georgiana and Baroni, Marco},
  year={2014},
  booktitle=acl
}

@InProceedings{mitchell-lapata:2009:EMNLP, 
  author = {Mitchell, Jeff and Lapata, Mirella}, 
  title = {Language Models Based on Semantic Composition}, 
  booktitle = emnlp, 
  year = {2009}
 }

@inproceedings{zhangmtrnn2014,
  author    = {Jiajun Zhang and
               Shujie Liu and
               Mu Li and
               Ming Zhou and
               Chengqing Zong},
  title     = {Mind the Gap: Machine Translation by Minimizing the Semantic Gap in
               Embedding Space},
  booktitle = aaai,
  year      = {2014}
}

@inproceedings{kalchbrenner13emnlp, 
title = "Recurrent Continuous Translation Models", 
author = "Kalchbrenner, Nal and Blunsom, Phil", 
year = "2013", 
booktitle=emnlp
}

@article{convdoc2014,
  author    = {Misha Denil and
               Alban Demiraj and
               Nal Kalchbrenner and
               Phil Blunsom and
               Nando de Freitas},
  title     = {Modelling, Visualising and Summarising Documents with a Single Convolutional
               Neural Network},
  journal   = {arXiv preprint arXiv:1406.3830},
  year      = {2014}
}

@article{greffenstette2013,
  author    = {Edward Grefenstette and
               Georgiana Dinu and
               Yao-Zhong Zhang and
               Mehrnoosh Sadrzadeh and
               Marco Baroni},
  title     = {Multi-Step Regression Learning for Compositional Distributional
               Semantics},
  journal   = {CoRR},
  year      = {2013}}

@inproceedings{yessenalina2011compositional,
  title={Compositional matrix-space models for sentiment analysis},
  author={Yessenalina, Ainur and Cardie, Claire},
  booktitle=emnlp,
  year={2011},
}

@article{lally2012question,
  title={Question analysis: How Watson reads a clue},
  author={Lally, Adam and Prager, John M and McCord, Michael C and Boguraev, BK and Patwardhan, Siddharth and Fan, James and Fodor, Paul and Chu-Carroll, Jennifer},
  journal={IBM Journal of Research and Development},
  year={2012},
  publisher={IBM}
}

@inproceedings{ng2002improving,
  title={Improving machine learning approaches to coreference resolution},
  author={Ng, Vincent and Cardie, Claire},
  booktitle=acl,
  year={2002}
}

@inproceedings{uryupina2006coreference,
  title={Coreference resolution with and without linguistic knowledge},
  author={Uryupina, Olga},
  booktitle=lrec,
  year={2006}
}

@inproceedings{Versley2008,
 author = {Versley, Yannick and Ponzetto, Simone Paolo and Poesio, Massimo and Eidelman, Vladimir and Jern, Alan and Smith, Jason and Yang, Xiaofeng and Moschitti, Alessandro},
 title = {BART: A Modular Toolkit for Coreference Resolution},
 booktitle = acl,
 year = {2008}
} 


@article{hoffart2013yago2,
  title={YAGO2: A spatially and temporally enhanced knowledge base from Wikipedia},
  author={Hoffart, Johannes and Suchanek, Fabian M and Berberich, Klaus and Weikum, Gerhard},
  journal={Artificial Intelligence},
  volume={194},
  pages={28--61},
  year={2013}
}

@inproceedings{bilotti2010,
author = {Bilotti, Matthew W. and Elsas, Jonathan and Carbonell, Jaime and Nyberg, Eric},
title = {Rank Learning for Factoid Question Answering with Linguistic and Semantic Constraints},
booktitle = {CIKM},
year = {2010},
}

@article{Hermann:2013:CVSC,
  author = {Hermann, Karl Moritz and Grefenstette, Edward and Blunsom, Phil},
  title = {"Not not bad" is not "bad": A distributional account of negation},
  year = {2013},
  journal = {Proceedings of the ACL Workshop on Continuous Vector Space Models and their Compositionality},
}

@article{van2008visualizing,
  title={Visualizing Data using t-SNE.},
  author={Van der Maaten, Laurens and Hinton, Geoffrey},
  journal=jmlr,
  year={2008}
}

@inproceedings{shen2007,
    author = {Dan Shen},
    title = {Using Semantic Role to Improve Question Answering},
    booktitle = emnlp,
    year = {2007}}

@inproceedings{levynips14,
    author = {Omer Levy and Yoav Goldberg},
    title = {Neural Word Embedding as Implicit Matrix Factorization},
    booktitle = nips,
    year = {2014}}

@ARTICLE{Bengio03aneural,
    author = {Yoshua Bengio and RÃ©jean Ducharme and Pascal Vincent and Christian Jauvin},
    title = {A Neural Probabilistic Language Model},
    journal = jmlr,
    year = {2003}
  }

@inproceedings{PalatucciPHM09,
  author    = {Mark Palatucci and
               Dean Pomerleau and
               Geoffrey E. Hinton and
               Tom M. Mitchell},
  title     = {Zero-shot Learning with Semantic Output Codes},
  booktitle = nips,
  year      = {2009}
}

@article{KalchbrennerB13,
  author    = {Nal Kalchbrenner and
               Phil Blunsom},
  title     = {Recurrent Convolutional Neural Networks for Discourse Compositionality},
  journal   = {Proceedings of the 2013 Workshop on Continuous Vector Space Models and their Compositionality},
  year      = {2013}
}

@inproceedings{MitchellL08,
  author    = {Jeff Mitchell and
               Mirella Lapata},
  title     = {Vector-based Models of Semantic Composition},
  booktitle = acl,
  year      = {2008},
}

@article{wang2006survey,
  title={A survey of answer extraction techniques in factoid question answering},
  author={Wang, Mengqiu},
  journal={Computational Linguistics},
  volume={1},
  number={1},
  year={2006}
}

@inproceedings{bian2008finding,
  title={Finding the right facts in the crowd: factoid question answering over social media},
  author={Bian, Jiang and Liu, Yandong and Agichtein, Eugene and Zha, Hongyuan},
  booktitle=www,
  year={2008},
}

@article{hintondropout,
  author    = {Geoffrey E. Hinton and
               Nitish Srivastava and
               Alex Krizhevsky and
               Ilya Sutskever and
               Ruslan Salakhutdinov},
  title     = {Improving neural networks by preventing co-adaptation of
               feature detectors},
  journal   = {CoRR},
  volume    = {abs/1207.0580},
  year      = {2012},
}

@inproceedings{kummerfeld2011mention,
  title={Mention detection: heuristics for the OntoNotes annotations},
  author={Kummerfeld, Jonathan K and Bansal, Mohit and Burkett, David and Klein, Dan},
  booktitle=conll,
  year={2011},
}

@inproceedings{de2006generating,
  title={Generating typed dependency parses from phrase structure parses},
  author={De Marneffe, Marie-Catherine and MacCartney, Bill and Manning, Christopher D and others},
  booktitle = lrec,
  year = {2006}
}

@inproceedings{wilson2003annotating,
  title={Annotating opinions in the world press},
  author={Wilson, Theresa and Wiebe, Janyce},
  booktitle=sigdial,
  year={2003},
}

@inproceedings{KrizhevskySH12,
  author    = {Alex Krizhevsky and
               Ilya Sutskever and
               Geoffrey E. Hinton},
  title     = {ImageNet Classification with Deep Convolutional Neural Networks},
  booktitle = nips,
  year      = {2012}
}

@inproceedings{ciresan2012multi,
  title={Multi-column deep neural networks for image classification},
  author={Ciresan, Dan and Meier, Ueli and Schmidhuber, J{\"u}rgen},
  booktitle=cvpr,
  year={2012}
  }

@article{wiebe2004learning,
  title={Learning subjective language},
  author={Wiebe, Janyce and Wilson, Theresa and Bruce, Rebecca and Bell, Matthew and Martin, Melanie},
  journal=cl,
  volume={30},
  number={3},
  pages={277--308},
  year={2004},
  publisher={MIT Press}
}

@inproceedings{yano2010shedding,
  title={Shedding (a thousand points of) light on biased language},
  author={Yano, Tae and Resnik, Philip and Smith, Noah A},
  booktitle={Proceedings of the NAACL HLT 2010 Workshop on Creating Speech and Language Data with Amazon's Mechanical Turk},
  pages={152--158},
  year={2010},
}

@inproceedings{gross2013testing,
  title={Testing the Etch-a-Sketch Hypothesis: A Computational Analysis of Mitt Romney's Ideological Makeover During the 2012 Primary vs. General Elections},
  author={Gross, Justin and Acree, Brice and Sim, Yanchuan and Smith, Noah A},
  booktitle={APSA 2013 Annual Meeting Paper},
  year={2013}
}

@inproceedings{sim2013measuring,
  title={Measuring ideological proportions in political speeches},
  author={Sim, Yanchuan and Acree, Brice and Gross, Justin H and Smith, Noah A},
  booktitle=emnlp,
  year={2013}
}

@inproceedings{yessenalina2010multi,
  title={Multi-level structured models for document-level sentiment classification},
  author={Yessenalina, Ainur and Yue, Yisong and Cardie, Claire},
  booktitle=emnlp,
  year={2010},
}

@article{pang2008opinion,
  title={Opinion mining and sentiment analysis},
  author={Pang, Bo and Lee, Lillian},
  journal={Foundations and trends in information retrieval},
  volume={2},
  number={1-2},
  year={2008},
  publisher={Now Publishers Inc.}
}

@inproceedings{settles2011closing,
  title={Closing the loop: Fast, interactive semi-supervised annotation with queries on features and instances},
  author={Settles, Burr},
  booktitle=emnlp,
  year={2011}
  }

@article{recasenslinguistic,
  title={Linguistic Models for Analyzing and Detecting Biased Language},
  author={Recasens, Marta and Danescu-Niculescu-Mizil, Cristian and Jurafsky, Dan},
  year=2013,
  booktitle=acl
}

@inproceedings{Thomas+Pang+Lee:06a,
   author = {Matt Thomas and Bo Pang and Lillian Lee},
   title = {Get Out The Vote: Determining Support Or Opposition From {Congressional} Floor-Debate Transcripts},
   year = {2006},
   booktitle = emnlp
}

@book{pennebaker2001linguistic,
  title={Linguistic inquiry and word count [computer software]},
  author={Pennebaker, James W. and Francis, Martha E. and Booth, Roger J.},
  year={2001},
  publisher={Mahwah, NJ: Erlbaum Publishers}
}


@article{mikolov2013efficient,
  title={Efficient Estimation of Word Representations in Vector Space},
  author={Mikolov, Tomas and Chen, Kai and Corrado, Greg and Dean, Jeffrey},
  journal={arXiv preprint arXiv:1301.3781},
  year={2013}
}

@inproceedings{levy2014dep,
  title={Dependency-Based Word Embeddings},
  author={Levy, Omer and Goldberg, Yoav},
  year={2014},
  booktitle=acl
}

@incollection{SocherEtAl2013:CVG,
title = {{Parsing With Compositional Vector Grammars}},
author = {Richard Socher and John Bauer and Christopher D. Manning and Andrew Y. Ng},
booktitle = acl,
year = {2013}
}

@article{chong2007framing,
  title={Framing theory},
  author={Chong, Dennis and Druckman, James N},
  journal={Annu. Rev. Polit. Sci.},
  volume={10},
  pages={103--126},
  year={2007},
  publisher={Annual Reviews}
}

@inproceedings{boydstun2013identifying,
  title={Identifying Media Frames and Frame Dynamics Within and Across Policy Issues},
  author={Boydstun, Amber E and Gross, Davis Justin H and Smith, Noah A},
  booktitle={New Directions in Analyzing Text as Data Workshop},
  year={2013}
}

@book{goffman1974frame,
  title={Frame analysis: an essay on the organization of experience},
  author={Goffman, E.},
  isbn={9780674316560},
  lccn={75305662},
  url={http://books.google.com/books?id=XBpmAAAAIAAJ},
  year={1974},
  publisher={Harvard University Press}
}

@inproceedings{greene2009more,
  title={More than words: Syntactic packaging and implicit sentiment},
  author={Greene, Stephan and Resnik, Philip},
  booktitle=naacl,
  year={2009},
}

@article{matthes2008content,
  title={The content analysis of media frames: Toward improving reliability and validity},
  author={Matthes, J{\"o}rg and Kohring, Matthias},
  journal={Journal of Communication},
  volume={58},
  number={2},
  pages={258--279},
  year={2008},
  publisher={Wiley Online Library}
}

@article{ruigrok2007global,
  title={Global angling with a local angle: How US, British, and Dutch newspapers frame global and local terrorist attacks},
  author={Ruigrok, Nel and Van Atteveldt, Wouter},
  journal={The Harvard international journal of press/politics},
  volume={12},
  number={1},
  pages={68--90},
  year={2007},
  publisher={SAGE Publications}
}

@article{shah2002news,
  title={News framing and cueing of issue regimes: Explaining Clinton's public approval in spite of scandal},
  author={Shah, Dhavan V and Watts, Mark D and Domke, David and Fan, David P},
  journal={Public Opinion Quarterly},
  volume={66},
  number={3},
  pages={339--370},
  year={2002},
  publisher={AAPOR}
}

@inproceedings{goller1996learning,
  title={Learning task-dependent distributed representations by backpropagation through structure},
  author={Goller, Christoph and Kuchler, Andreas},
  booktitle={Neural Networks, 1996., IEEE International Conference on},
  volume={1},
  year={1996}
}

@article{duchi2011adaptive,
  title={Adaptive subgradient methods for online learning and stochastic optimization},
  author={Duchi, John and Hazan, Elad and Singer, Yoram},
  journal=jmlr,
  volume={999999},
  pages={2121--2159},
  year={2011},
}

@inproceedings{HashimotoMTC13,
  author    = {Kazuma Hashimoto and
               Makoto Miwa and
               Yoshimasa Tsuruoka and
               Takashi Chikayama},
  title     = {Simple Customization of Recursive Neural Networks for Semantic
               Relation Classification},
  booktitle = emnlp,
  year      = {2013}
  }

@phdthesis{srivastava2013improving,
  title={Improving neural networks with dropout},
  author={Srivastava, Nitish},
  year={2013},
  school={University of Toronto}
}

@inproceedings{collobert2008unified,
  title={A unified architecture for natural language processing: Deep neural networks with multitask learning},
  author={Collobert, Ronan and Weston, Jason},
  booktitle=icml,
  year={2008}
  }

@book{lakoff2002moral,
  title={Moral Politics: How Liberals and Conservatives Think, Second Edition},
  author={Lakoff, George},
  year={2002},
  publisher={University of Chicago Press}
}


@inproceedings{hermann-blunsom:2013:ACL2013,
  title = "{The Role of Syntax in Vector Space Models of Compositional Semantics}",
  author = "Hermann, Karl Moritz and Blunsom, Phil",
  year = "2013",
  booktitle = acl
  }

@inproceedings{gerrish2011predicting,
  title={Predicting legislative roll calls from text},
  author={Gerrish, Sean and Blei, David M},
  booktitle=icml,
  year={2011}
}

@article{gentzkow2010drives,
  title={What drives media slant? Evidence from US daily newspapers},
  author={Gentzkow, Matthew and Shapiro, Jesse M},
  journal={Econometrica},
  volume={78},
  number={1},
  pages={35--71},
  year={2010},
  publisher={Wiley Online Library}
}

@article{groseclose2005measure,
  title={A measure of media bias},
  author={Groseclose, Tim and Milyo, Jeffrey},
  journal={The Quarterly Journal of Economics},
  volume={120},
  number={4},
  pages={1191--1237},
  year={2005},
  publisher={Oxford University Press}
}

@article{niven2003objective,
  title={Objective evidence on media bias: Newspaper coverage of congressional party switchers},
  author={Niven, David},
  journal={Journalism \& Mass Communication Quarterly},
  volume={80},
  number={2},
  pages={311--326},
  year={2003},
  publisher={SAGE Publications}
}

@article{dardis2008media,
  title={Media framing of capital punishment and its impact on individuals' cognitive responses},
  author={Dardis, Frank E and Baumgartner, Frank R and Boydstun, Amber E and De Boef, Suzanna and Shen, Fuyuan},
  journal={Mass Communication \& Society},
  volume={11},
  number={2},
  pages={115--140},
  year={2008},
  publisher={Taylor \& Francis}
}

@article{carroll2009measuring,
  title={Measuring bias and uncertainty in DW-NOMINATE ideal point estimates via the parametric bootstrap},
  author={Carroll, Royce and Lewis, Jeffrey B and Lo, James and Poole, Keith T and Rosenthal, Howard},
  journal={Political Analysis},
  volume={17},
  number={3},
  pages={261--275},
  year={2009},
  publisher={SPM-PMSAPSA}
}

@article{brown1992class,
  title={Class-based n-gram models of natural language},
  author={Brown, Peter F and Desouza, Peter V and Mercer, Robert L and Pietra, Vincent J Della and Lai, Jenifer C},
  journal=cl,
  volume={18},
  number={4},
  pages={467--479},
  year={1992},
  publisher={MIT Press}
}

@inproceedings{wilson2005recognizing,
  title={Recognizing contextual polarity in phrase-level sentiment analysis},
  author={Wilson, Theresa and Wiebe, Janyce and Hoffmann, Paul},
  booktitle=emnlp,
  year={2005},
}

@inproceedings{ahmed2010staying,
  title={Staying informed: supervised and semi-supervised multi-view topical analysis of ideological perspective},
  author={Ahmed, Amr and Xing, Eric P},
  booktitle=emnlp,
  year={2010},
}

@incollection{lin2008joint,
  title={A joint topic and perspective model for ideological discourse},
  author={Lin, Wei-Hao and Xing, Eric and Hauptmann, Alexander},
  booktitle={Machine Learning and Knowledge Discovery in Databases},
  pages={17--32},
  year={2008},
  publisher={Springer}
}

@inproceedings{nguyen2013lexical,
  title={Lexical and hierarchical topic regression},
  author={Nguyen, Viet-An and Boyd-Graber, Jordan and Resnik, Philip},
  booktitle=nips,
  pages={1106--1114},
  year={2013}
}

@inproceedings{sayeed2012grammatical,
  title={Grammatical structures for word-level sentiment detection},
  author={Sayeed, Asad B and Boyd-Graber, Jordan and Rusk, Bryan and Weinberg, Amy},
  booktitle=naacl,
  year={2012},
}

@book{gillies2005note,
  title={Note-taking for Consecutive Interpreting: A Short Course},
  author={Gillies, A.},
  isbn={9781900650823},
  lccn={2005017809},
  year={2005},
  publisher={St. Jerome Pub.}
}
