@article{anandkumar2012spectral,
  title={A spectral algorithm for latent Dirichlet allocation},
  author={Anandkumar, Animashree and Foster, Dean P and Hsu, Daniel and Kakade, Sham M and Liu, Yi-Kai},
  journal={arXiv preprint arXiv:1204.6703},
  year={2012}
}

@article{anandkumar2012tensor,
  title={Tensor decompositions for learning latent variable models},
  author={Anandkumar, Anima and Ge, Rong and Hsu, Daniel and Kakade, Sham M and Telgarsky, Matus},
  journal={arXiv preprint arXiv:1210.7559},
  year={2012}
}

@article{anandkumar2013learning,
  title={Learning Topic Models and Latent Bayesian Networks Under Expansion Constraints},
  author={Anandkumar, Animashree and Hsu, Daniel and Javanmard, Adel and Kakade, Sham M and Anandkumar, Anima and Ge, Rong and Foster, Dean P and Liu, Yi-Kai and Sabato, Sivan and Shalev-Shwartz, Shai and others},
  year={2013}
}

@article{anandkumar2013overcomplete,
  title={When are Overcomplete Topic Models Identifiable? Uniqueness of Tensor Tucker Decompositions with Structured Sparsity},
  author={Anandkumar, Animashree and Hsu, Daniel and Janzamin, Majid and Kakade, Sham},
  journal={arXiv preprint arXiv:1308.2853},
  year={2013}
}

