@MISC{Rennie03onl2-norm,
    author = {Jason Rennie},
    title = {On L2-norm Regularization and the {G}aussian Prior},
    year = {2003}
}

@inproceedings{Lang95,
  author = "Ken Lang",
  title = "Newsweeder: Learning to filter netnews",
  year = 1995,
  booktitle = icml,
  pages = "331-339"
}

@InProceedings{boumaunknownnormalized,
  Author = {Bouma, Gerlof},
  Title = {Normalized (Pointwise) Mutual Information in Collocation Extraction},
  Booktitle = {Proceedings of the Biennial GSCL Conference},
  Year = {2009}
}

@article{Anandkumar-2012,
    Author = {A. Anandkumar, D. P. Foster, D. Hsu, S.M. Kakade and Y.K. Liu},
    Booktitle = nips,
    Title = {Two SVDs Suffice: Spectral decompositions for probabilistic topic modeling and latent Dirichlet allocation},
    Year = {2012}
}

@InProceedings{Brocheler:10,
    Author = { Brocheler,Matthias and Mihalkavo, Lilyana and Getoor, Lise},
    Booktitle =uai,
    Title = {Probabilistic Similarity Logic},
    Year = {2010}
}

@InProceedings{Mimmo:09,
    Author = {Mimmo, David and Wallach,M, Hanna and Naradowsky,Jason and Smith,A, David and McCallum, Andrew},
    Booktitle = emnlp,
    Title = {Polylingual Topic Model},
    Year = {2009}
}

@InProceedings{Haghighi:08,
    Author = { Haghighi,Aria and  Liang, Percy and  Berg-Kirkpatrick,Taylor and  Klein,Dan},
    Booktitle = acl,
    Title = {Learning Bilingual Lexicons from Monolingual Corpora},
    Year = {2008}
}

@InProceedings{Preiss:12,
    Author = { Preiss,Judita},
    Booktitle = naacl,
    Pages = {558--562},
    Title = {Identifying Comparable Corpora Using LDA},
    Year = {2012}
}

@InProceedings{Otero:11,
    Author = {Otero,G,Pablo and Lopez, G, Isaac},
   Booktitle = lrec,
    Pages = {21--25},
    Title = {Wikipedia as Multilingual Source of Comparable Corpora},
    Year = {2011}
}

@InProceedings{Abdul:09,
    Author = {Abdul,R,Sadaf  and  Schwenk,Holger},
    Booktitle = eacl,
    Pages = {16--23},
    Title = {On the use of Comparable Corpora to improve SMT performance},
    Year = {2009}
}

@InProceedings{Aker:12,
    Author = { Aker,Ahmet and  Kanoulasy,Evangelos and  Gaizauskas,Robert},
    Booktitle = lrec,
    Title = {A light way to collect comparable corpora from the Web},
    Year = {2012}
}

@InProceedings{Vulic:11,
    Author = {Vulic, Ivan and Smet, D,Wim  and Moens,Marie-Francine},
    Booktitle = acl,
    Pages = {479--484},
    Title = {Identifying word translations from comparable corpora using latent topic models},
    Year = {2011}
}

@article{Resnik:03,
    Author = {Resnik,Philip  and Smith Y, Noah A. },
    Journal = {Computational Linguistics - Special issue on web as corpus archive},
   Volume = {29},
    Issue = {3},
    Title = {The web as a parallel corpus},
    Year = {2003}
}

@article{Yang:03,
    Author = {Yang, C, Christopher and Li, Kar Wing},
    Journal = {The American Society for Information Science and Technology},
   Volume = {54},
    Issue = {8},
   Pages ={730--742},
    Title = {Automatic construction of English\/Chinese parallel corpora},
    Year = {2003}
}

@InProceedings{Oard:97,
    Author = { Oard,W,Douglas},
    Booktitle = aaai,
    Title = {Alternative approaches for cross-language text retrieval},
    Year = {1997}
}

@InProceedings{Jordan:09,
    Author = {Boyd-Graber, Jordan and Blei,M,David},
    Booktitle = uai,
   Pages ={75--82},
    Title = {Multilingual topic models for unaligned text},
    Year = {2009}
}

