
@Book{Duda:Hart:1973,
  author = 	 {Duda, R.O. and Hart, P.E.},
  title = 	 {Pattern classification and scene analysis},
  publisher = {Wiley},
  year = 	 {1973}
}

@InProceedings{Lin:Grimson:Fisher:2010,
  author = 	 {Lin, D. and Grimson, E. and Fisher, J.},
  title = 	 {Construction of dependent {D}irichler processes based on {P}oisson processes},
  booktitle = nips,
  year = 	 {2010}
}

@InProceedings{Tu:Chen:2005,
  author    = {Tu, Z. and Chen, X. and Yuille, A.L. and Zhu, S.C.},
	title = 	 {Image Parsing: Unifying Segmentation, Detection, and Recognition},
  booktitle = iccv,
  year      = {2005},
}

@InProceedings{Zhou:Yang:Sapiro:Dunson:Carin:2011,
  author = 	 {Zhou, M. and Yang, H. and Sapiro, G. and Dunson, D. and Carin, L.},
  title = 	 {Dependent hierarchical beta processes for image interpolation and denoising},
  booktitle = aistats,
  year = 	 {2011}
}

@InProceedings{DoshiVelez:Miller:VanGael:Teh:2009,
  author = 	 {Doshi-Velez, F. and Miller, K.T. and Van Gael, J. and Teh, Y.W.},
  title = 	 {Variational inference for the {I}ndian buffet process},
  booktitle = aistats,
  year = 	 {2009}
}

@inproceedings{Austerweil:Griffiths:2010,
	Author = {Austerweil, J.L. and Griffiths, T.L.},
	Booktitle = nips,
	Title = {Learning invariant features using the transformed {I}ndian buffet process},
	Year = {2010}}

@inproceedings{Griffiths:Ghahramani:2005,
	Author = {Griffiths, T.L. and Ghahramani, Z.},
	Booktitle = nips,
	Title = {Infinite latent feature models and the {I}ndian buffet process},
	Year = {2005}}

@inproceedings{Wood:Griffiths:Ghahramani:2006,
	Author = {Wood, F. and Griffiths, T.L. and Ghahramani, Z.},
	Booktitle = uai,
	Title = {A non-parametric {B}ayesian method for inferring hidden causes},
	Year = {2006}}

@inproceedings{Sudderth:Torralba:Freeman:Willsky:2005,
        Author = {Sudderth, E.B. and Torralba, A. and Freeman, W.T. and Willsky, A.S.},
	Booktitle = nips,
        Title = {Describing visual scenes using the transformed {D}irichlet process},
	Year = {2005}}

@inproceedings{Titsias:2007,
  title={The infinite gamma-{P}oisson feature model},
  author={Titsias, M.},
  booktitle=nips,
  year={2007}
}

@Misc{traffic,
  key =	 {i-Lids dataset for AVSS},
  author = {i-Lids dataset for AVSS},
  howpublished = {http://www.eecs.qmul.ac.uk/~andrea/avss2007\_d.html},
  year = 	 {2007}
}

@Misc{people,
 author = {EC Funded CAVIAR project/IST 2001 37540},
 howpublished = {http://groups.inf.ed.ac.uk/vision/CAVIAR/  CAVIARDATA2/WalkByShop1cor/WalkByShop1cor.tar.gz},
 year = {2004}
}

@MastersThesis{DoshiVelez:2009,
  author = 	 {Doshi-Velez, F.},
  title = 	 {The {I}ndian buffet process: Scalable inference and extensions},
  school = 	 {University of Cambridge},
  year = 	 {2009},
}

@InProceedings{Knowles:Ghahramani:2007,
 author = 	 {Knowles, D. and Ghahramani, Z.},
  title = 	 {Infinite sparse factor analysis and infinite independent component analysis},
  booktitle = ica,
  year = 	 {2007},
}

@InProceedings{Titsias:Williams:2006,
  author    = {Titsias, M.K. and Williams, C.K.I.},
  title     = {Sequential Learning of Layered Models from Video},
  booktitle = {Toward Category-Level Object Recognition},
  year      = {2006},
  pages     = {577-595},
}

@InProceedings{Jojic:Frey:2001,
  author    = {Jojic, N. and
                Frey, B.J.},
  title     = {Learning Flexible Sprites in Video Layers},
  booktitle = cvpr,
  year      = {2001},
}

@article{Tu:Zhu:2002,
  author = {Tu, Z. and Zhu, S.-C.},
  title = {Image Segmentation by Data-Driven {M}arkov Chain {M}onte {C}arlo},
  journal = {TPAMI},
  volume = {24},
  issue = {5},
  year = {2002},
  pages = {657-673},
}

@article{Wang:Adelson:1994,
    author = {Wang, J.Y.A. and Adelson, E.H.},
    title = {Representing Moving Images with Layers},
    journal = {IEEE Transactions on Image Processing},
    year = {1994},
    volume = {3},
		issue = {5},
    pages = {625-638},
}
