
@article{chong-07,
  title={A theory of framing and opinion formation in competitive elite environments},
  author={Chong, D. and Druckman, J. N.},
  journal={Journal of Communication},
  volume={57},
  number={1},
  pages={99--118},
  year={2007},
  publisher={Wiley Online Library}
}

@book{parsons-64,
  title={Social structure and personality},
  author={Parsons, T.},
  year={1964},
  publisher={Free Press of Glencoe}
}

@book{rokeach-73,
  title={The nature of human values},
  author={Rokeach, M.},
  year={1973},
  publisher={Free Press}
}


@inproceedings{cheng-10-2,
 author = {Cheng, An-Shou and Fleischmann, Kenneth R.},
 title = {Developing a meta-inventory of human values},
 booktitle = {Proceedings of the 73rd ASIS\&T Annual Meeting on Navigating Streams in an Information Ecosystem - Volume 47},
 series = {ASIS\&T '10},
 year = {2010},
 location = {Pittsburgh, Pennsylvania},
 pages = {3:1--3:10},
 articleno = {3},
 numpages = {10},
 publisher = {American Society for Information Science},
 address = {Silver Springs, MD, USA},
 keywords = {human values, meta-analysis, value inventories},
}

@article{cheng-10-1,
author = {An-Shou Cheng and Kenneth R. Fleischmann and Ping Wang and Emi Ishita and Douglas W. Oard},
title = {Values of Stakeholders in the Net Neutrality Debate: Applying Content Analysis to Telecommunications Policy},
journal ={Hawaii International Conference on System Sciences},
volume = {0},
isbn = {978-0-7695-3869-3},
year = {2010},
pages = {1-10},
publisher = {IEEE Computer Society},
address = {Los Alamitos, CA, USA},
}


@ARTICLE{schwartz-09,
title = {Introduction to a Special Issue on Network Neutrality},
author = {Schwartz, Marius and Weiser, Philip J.},
year = {2009},
journal = {Review of Network Economics},
volume = {8},
number = {1},
pages = {1},
abstract = {"Network neutrality" encompasses a wide-ranging debate over what limits, if any, should be placed on network providers in pricing or managing Internet traffic. The articles in this volume tackle various aspects of this debate: Have other transportation networks been truly "neutral"? Should broadband providers be allowed to charge content providers for connecting with end users? How much price discrimination is appropriate and is it confined to network operators? How large are the potential costs of constraining traffic management practices? What are the tradeoffs from mandated loop unbundling to deter discrimination and what market power threshold justifies interventions?},
}

@article{schwartz-07,
  title={Universalism values and the inclusiveness of our moral universe},
  author={Schwartz, S. H.},
  journal={Journal of Cross-Cultural Psychology},
  volume={38},
  number={6},
  pages={711--728},
  year={2007},
  publisher={Sage Publications}
}

@inproceedings{templeton-11-1,
  title={Comparing values and sentiment using Mechanical Turk},
  author={Templeton, T. C. and Fleischmann, K. R. and Boyd-Graber, J.},
  booktitle={Proceedings of the 2011 iConference},
  pages={783--784},
  year={2011},
  organization={ACM}
}

@inproceedings{templeton-11-2,
  title={The relationship between human values and attitudes toward the Park51 and nuclear power controversies},
  author={Templeton, T. C. and Fleischmann, K. R.},
  booktitle={Proceedings of the 74th Annual Meeting of the American Society for Information Science and Technology (ASIS\&T), New Orleans, LA},
  year={2011}
}


@inproceedings{koepfler-12,
title={Exploration of Values and Frames in Social Media Texts Related to the Homeless Hotspots Debate},
author = {Koepfler, J. and Templeton, T. C. and Fleischmann, K. R.},
pubstate = {inpress},
booktitle={Proceedings of the 75th Annual Meeting of the American Society for Information Science and Technology (ASIS\&T), Baltimore, MD},
year={2012}
}

@book{weber-47,
title={The Theory of Social and Economic Organization},
author={Weber, M.},
year={1947},
publisher={Free Press}
}

@book{habermas-84,
  title={Theory of Communicative Action},
  author={Habermas, J.},
  year={1984},
  publisher={Beacon Press}
}

@book{massey-1979,
title={The People Puzzle: Understanding Yourself and Others},
author={Massey, M.},
year={1979},
publisher={Reston Publishing}
}

@article{hill-2004,
title={Defy the Decades with Multigenerational Teams},
author={Hill, K. S.},
journal={Nursing Management},
volume={35},
issue={1},
pages={32-35},
year={2004}
}

@book{rokeach-79,
title={Understanding Human Values},
author={Rokeach, M.},
year={1979},
publisher={Free Press}
}

@phdthesis{cheng-12,
  author = {Cheng, A.-S.},
  school = {University of Maryland},
  title = {Values in the Net Neutrality Debate: Applying Content Analysis to Testimonies from Public Hearings},
  year = {2012}
}

@article{cheng-prep,
title={Values in the Net Neutrality Debate},
author={Cheng, A.-S. and Fleischmann, K. R.},
year={In Preparation}
}

@article{ishita-prep,
title={Automatically Annotating Text Using the Meta-Inventory of Human Values},
author={Ishita, E. and Tomiura, Y. and Takayama, Y. and Cheng, A.-S. and Oard, D. W. and Fleischmann, K. R.},
year={In Preparation}
}

@article{cohen-60,
author={Cohen, Jacob},
year={1960},
Title={A coefficient of agreement for nominal scales},
journal={Educational and Psychological Measurement},
volume={20},
issue={1},
pages={37Ð46}
}

@inproceedings{ishita-09,
title={Multi-Label Classification for Human Values},
author={Ishita, E. and Cheng, A.-S. and Oard, D. W. and Fleischmann, K. R.},
booktitle={Proceedings of the Annual Conference of the Japan Society of Library and Information Science, Tokyo, Japan},
year={2009}
}

@book{krippendorff-80,
author={Krippendorff, K.},
title={Content Analysis: An Introduction to Its Methodology},
year={1980},
publisher={Sage}
}

@book{bloor-01,
author={Bloor, M. and Frankland, J. and Thomas, M. and Robson, K.},
title={Focus Groups in Social Research},
year={2001},
publisher={Sage}
}

@article{massey-91,
author={Massey, A. P. and Wallace, W. A.},
year={1991},
title={Focus groups as a knowledge elicitation technique: An exploratory study},
journal={IEEE Transactions on Knowledge and Data Engineering},
volume={3},
issue={2},
pages={193-200}
}

@book{krueger-09,
author={Krueger, R. A. and Casey, M. A.},
year={2009},
title={Focus groups: A practical guide for applied research},
publisher={Sage}
}

@article{landis-77,
author={Landis, J. R. and Koch, G. G.},
year={1977},
title={The measurement of observer agreement for categorical data},
journal={Biometrics},
volume={33},
pages={159-174}
}

@article{cheng-12-2,
author={Cheng, A.-S. and Fleischmann, K. R. and Wang, P. and Ishita, E. and Oard, D. W.},
year={2012},
title={The Role of Innovation and Wealth in the Net Neutrality Debate: A Content Analysis of Human Values in Congressional and FCC Hearings},
journal={Journal of the American Society for Information Science and Technology},
volume={63},
issue={7},
pages={1360-1373}
}

@article{hopkins-10,
author={Hopkins, D. J. and King, G.},
year={2010},
title={A method of automated nonparametric content analysis for social science.},
journal={American Journal of Political Science},
volume={54},
issue={1},
pages={229-247}
}

@article{crowston-inpress,
author={Crowston, K. and Allen, E. E. and Heckman, R.},
year={In Press},
title={Using natural language processing for qualitative data analysis},
journal={International Journal of Social Research Methodology}
}