

@inproceedings{Snover:2008,
 author = {Snover, Matthew and Dorr, Bonnie and Schwartz, Richard},
 title = {Language and translation model adaptation using comparable corpora},
 booktitle = emnlp,
 year = {2008},
 location = {Honolulu, Hawaii}
}


@InProceedings{xiao:2012,
  author    = {Xiao, Xinyan  and  Xiong, Deyi  and  Zhang, Min  and  Liu, Qun  and  Lin, Shouxun},
  title     = {A Topic Similarity Model for Hierarchical Phrase-based Translation},
  booktitle = acl,
  year      = {2012},
}

@inproceedings{eidelman:wmt12,
 author = {Vladimir Eidelman},
 title = {Optimization Strategies for Online Large-Margin Learning in Machine Translation},
 booktitle = {Proceedings of the Seventh Workshop on Statistical Machine Translation},
 year = {2012}
 }

@article{bilsa,
 author = {Tam, Yik-Cheung and Lane, Ian and Schultz, Tanja},
 title = {Bilingual {LSA}-based adaptation for statistical machine translation},
 journal = {Machine Translation},
 volume = {21},
 number = {4},
 year = {2007},
 pages = {187--207},
 publisher = {Kluwer Academic Publishers},
 address = {Hingham, MA, USA}
}

@inproceedings{hasler:2012,
  author = {Hasler, Eva and Haddow, Barry and Koehn, Philipp},
  title = {Sparse Lexicalised Features and Topic Adaptation for {SMT}},
  year = {2012},
  booktitle = {Proceedings of IWSLT},
}

@InProceedings{su:2012,
  author    = {Su, Jinsong  and  Wu, Hua  and  Wang, Haifeng  and  Chen, Yidong  and  Shi, Xiaodong  and  Dong, Huailin  and  Liu, Qun},
  title     = {Translation Model Adaptation for Statistical Machine Translation with Monolingual Topic Information},
  booktitle = acl,
  year      = {2012},
}

@inproceedings{ayan:2006,
 author={Necip Fazil Ayan and Bonnie J. Dorr},
 title={Going Beyond {AER}: An Extensive Analysis of Word Alignments and Their Impact on {MT}},
 booktitle={Proceedings of the Joint Conference of the International Committee on Computational Linguistics and the Association for Computational Linguistics (COLING-ACL'2006)},
 pages={9--16},
 address={Sydney},
 year=2006}

@INPROCEEDINGS{bitam,
	Author = {Zhao, Bing and Xing, Eric P.},
	Booktitle = acl,
	Citeulike-Article-Id = {3860094},
	Keywords = {bilingual, lda, smt, topic},
	Posted-At = {2009-01-08 14:01:31},
	Priority = {5},
	Title = {{BiTAM}: Bilingual Topic AdMixture Models for Word Alignment},
	Year = {2006}}

@inproceedings{Koehn:2003,
 author = {Koehn, Philipp and Och, Franz Josef and Marcu, Daniel},
 title = {Statistical phrase-based translation},
 booktitle = naacl,
 year = {2003},
}

@inproceedings{koehn-EtAl,
 author = {Koehn, Philipp and Och, Franz Josef and Marcu, Daniel},
 title = {Statistical phrase-based translation},
 booktitle = {NAACL '03: Proceedings of the 2003 Conference of the North American Chapter of the Association for Computational Linguistics on Human Language Technology},
 year = {2003},
 pages = {48--54},
 }


@inproceedings{srilm,
  author = {Andreas Stolcke},
  title = {{\scshape srilm} - an extensible language modeling toolkit},
  booktitle = {Intl. Conf. on Spoken Language Processing},
  year = 2002,
}

@inproceedings{kn:95,
  author    = {R. Kneser and H. Ney},
  title     = {Improved backing-off for m-gram language modeling},
  booktitle = {Proceedings of IEEE Internation Conference on Acoustics, Speech, and Signal Processing},
	pages = {{181-184}},
  year      = 1995,
}



@InProceedings{papineni:2002,
  author    = {Kishore Papineni  and  Salim Roukos  and  Todd Ward  and  Wei-Jing Zhu},
  title     = {{\scshape bleu}: a Method for Automatic Evaluation of Machine Translation},
  booktitle = acl,
  year      = {2002},
  pages     = {311--318},
}

@InProceedings{Pang:2002,
  author =       {Bo Pang and Lillian Lee and Shivakumar Vaithyanathan},
  title =        {Thumbs up?  {Sentiment} Classification using Machine Learning Techniques},
  booktitle =    "Proceedings of the 2002 Conference on Empirical Methods in Natural
Language Processing ",
  pages = {79--86},
  year =         2002
}

@MISC{supreview,
    author = {S. B. Kotsiantis},
    title = {{Supervised Machine Learning: A Review of Classification Techniques. Informatica 31:249ï¿½268}},
    year = {2007}
}

@INPROCEEDINGS{Mullen04,
    author = {Tony Mullen and Nigel Collier},
    title = {Sentiment analysis using support vector machines with diverse information sources},
    booktitle = {In Proceedings of Conference on Empirical Methods in Natural Language Processing},
    year = {2004}
}

@InProceedings{Joachims:98a,
  author =	 {Thorsten Joachims},
  title =	 {{Text Categorization with Support Vector Machines:
                  Learning with Many Relevant Features}},
  booktitle =	 {European Conference on Machine Learning },
  editor =	 {Claire N{\'e}dellec and C{\'e}line Rouveirol},
  publisher =	 {Springer},
  address =	 {Berlin},
  year =	 1998,
  pages =	 {137--142}
}

@article{dempster:77,
  author = {Dempster, A. P. and Laird, M. N. and Rubin, D. B.},
    journal = {Journal of the Royal Statistical Society: Series B (Statistical Methodology)},
  pages = {1--22},
  title = {{Maximum Likelihood from Incomplete Data via the {EM} Algorithm}},
  volume = 39,
  year = 1977
}

@article {lbfgs,
   author = {Liu, Dong C. and Nocedal, Jorge},
      title = {{On the Limited Memory BFGS Method for Large Scale Optimization}},
   journal = {Mathematical Programming},
   publisher = {Springer Berlin / Heidelberg},
      pages = {503-528},
   volume = {45},
   issue = {1},
      year = {1989}
}

@TECHREPORT{Bekkerman,
    author = {Ron Bekkerman and Koji Eguchi and James Allan},
    title = {{Unsupervised Non-topical Classification of Documents}},
    year = {2006}
}

@inproceedings{webkb,
 author = {Craven, Mark and DiPasquo, Dan and Freitag, Dayne and McCallum, Andrew and Mitchell, Tom and Nigam, Kamal and Slattery, Se\'{a}n},
 title = {{Learning to Extract Symbolic Knowledge from the World Wide Web}},
 booktitle = {Proceedings of the fifteenth national/tenth conference on Artificial Intelligence/Innovative Applications of Artificial Intelligence},
 year = {1998}
}


@INPROCEEDINGS{ng20,
    author = {Ken Lang},
    title = {NewsWeeder: Learning to Filter Netnews},
    booktitle = {Proceedings of the 12th International Machine Learning Conference (ML95},
    year = {1995}
}

@article{distfeattc,
author = {Xiao-Bing Xue and Zhi-Hua Zhou},
title = {{Distributional Features for Text Categorization}},
journal ={IEEE Transactions on Knowledge and Data Engineering},
volume = {21},
year = {2009},
publisher = {IEEE Computer Society}

}

@TECHREPORT{purity,
    author = {Ying Zhao and George Karypis},
    title = {{Criterion Functions for Document Clustering: Experiments and Analysis}},
    year = {2002}
}

@ARTICLE{Blei03,
    author = {David M. Blei and Andrew Y. Ng and Michael I. Jordan and John Lafferty},
    title = {{Latent Dirichlet Allocation}},
    journal = {Journal of Machine Learning Research},
    year = {2003},
    volume = {3},
    pages = {2003}
}

@InProceedings{foster:2010,
  author    = {Foster, George  and  Goutte, Cyril  and  Kuhn, Roland},
  title     = {Discriminative Instance Weighting for Domain Adaptation in Statistical Machine Translation},
  booktitle = emnlp,
  year      = {2010},
}

@inproceedings{foster:2007,
	Author = {Foster, George and Kuhn, Roland},
	Booktitle = {Proceedings of the Second Workshop on Statistical Machine Translation},
	Title = {Mixture-model adaptation for SMT},
	Year = {2007}
}

@InProceedings{matsoukas:2009,
  author    = {Matsoukas, Spyros  and  Rosti, Antti-Veikko I.  and  Zhang, Bing},
  title     = {Discriminative Corpus Weight Estimation for Machine Translation},
  booktitle = emnlp,
  year      = {2009},
}

@InProceedings{chiang:2008,
  author    = {Chiang, David  and  Marton, Yuval  and  Resnik, Philip},
  title     = {Online Large-Margin Training of Syntactic and Structural Translation Features},
  booktitle = emnlp,
  year      = {2008}
}


@article{Crammer:2006,
 author = {Crammer, Koby and Dekel, Ofer and Keshet, Joseph and Shalev-Shwartz, Shai and Singer, Yoram},
 title = {Online Passive-Aggressive Algorithms},
 journal = jmlr,
 volume = {7},
  year = {2006},
 issn = {1532-4435},
 pages = {551--585}
}

@InProceedings{axelrod:2011,
  author    = {Axelrod, Amittai  and  He, Xiaodong  and  Gao, Jianfeng},
  title     = {Domain Adaptation via Pseudo In-Domain Data Selection},
  booktitle = emnlp,
  year      = {2011},
}



@inproceedings{kumar:2009,
    author = {Kumar, Shankar and Macherey, Wolfgang and Dyer, Chris and Och, Franz},
    booktitle = {Proceedings of the Joint Conference of the 47th Annual Meeting of the ACL and the 4th International Joint Conference on Natural Language Processing of the AFNLP},
    pages = {163--171},
    title = {Efficient Minimum Error Rate Training and Minimum Bayes-Risk Decoding for Translation Hypergraphs and Lattices},
    year = {2009}
}

@inproceedings{BergK,
 author = {Berg-Kirkpatrick, Taylor and Bouchard-C\^{o}t\'{e}, Alexandre and DeNero, John and Klein, Dan},
 title = {{Painless Unsupervised Learning with Features}},
 booktitle = naacl,
  year = {2010},
 address = {Stroudsburg, PA, USA}
 }


@inproceedings{chen:1996,
 author = {Chen, Stanley F. and Goodman, Joshua},
 title = {An Empirical Study of Smoothing Techniques for Language Modeling},
 booktitle = acl,
 year = {1996},
 }


@INPROCEEDINGS{Snover-EtAl,
    author = {Matthew Snover and Bonnie Dorr and Richard Schwartz and Linnea Micciulla and John Makhoul},
    title = {A study of translation edit rate with targeted human annotation},
    booktitle = {In Proceedings of Association for Machine Translation in the Americas},
    year = {2006},
    pages = {223--231}
}

@inproceedings{mach-EtAl,
 author = {Macherey, Wolfgang and Och, Franz Josef and Thayer, Ignacio and Uszkoreit, Jakob},
 title = {Lattice-based minimum error rate training for statistical machine translation},
 booktitle = emnlp,
 year = {2008}
 }

@InProceedings{cube,
  author    = {Huang, Liang  and  Chiang, David},
  title     = {Forest Rescoring: Faster Decoding with Integrated Language Models},
  booktitle = {Proceedings of the 45th Annual Meeting of the Association of Computational Linguistics},
  year      = {2007},
  pages     = {144--151},

}
@inproceedings{Chiang:2011,
 author = {Chiang, David and DeNeefe, Steve and Pust, Michael},
 title = {Two easy improvements to lexical weighting},
 booktitle = hlt,
 year = {2011},
}



@InProceedings{mert,
  author    = {Franz Josef Och},
  title     = {Minimum Error Rate Training in Statistical Machine Translation},
  booktitle = {Proceedings of the 41st Annual Meeting of the Association for Computational Linguistics},
 year      = {2003},
  pages     = {160--167},
}

@inproceedings{koehn-EtAl,
 author = {Koehn, Philipp and Och, Franz Josef and Marcu, Daniel},
 title = {Statistical phrase-based translation},
 booktitle = {NAACL '03: Proceedings of the 2003 Conference of the North American Chapter of the Association for Computational Linguistics on Human Language Technology},
 year = {2003},
 pages = {48--54},
 }

@InProceedings{cdyer-EtAl:2009:WMT,
BookTitle = {Proceedings of the EACL-2009 Workshop on Statistical Machine Translation},
author= {Chris Dyer and Hendra Setiawan and Yuval Marton and P. Resnik},
title = {The {U}niversity of {M}aryland Statistical Machine Translation System for the {F}ourth {W}orkshop on {M}achine {T}ranslation},
year = {2009}},
}

@inproceedings{druck11,
 author = {Druck, Gregory},
 title = {{Generalized Expectation Criteria for Lightly Supervised Learning}},
 booktitle = {Open Access Dissertations},
 year = {2011}
}

@article{sebastiani:02,
 author = {Sebastiani, Fabrizio},
 title = {{Machine Learning in Automated Text Categorization}},
 journal = {ACM Comput. Surv.},
 volume = {34},
 issue = {1},
 month = {March},
 year = {2002},
  pages = {1--47},
 publisher = {ACM}

}



@inproceedings{druck08,
 author = {Druck, Gregory and Mann, Gideon and McCallum, Andrew},
 title = {Learning from labeled features using generalized expectation criteria},
 booktitle = {Proceedings of ACM SIGIR},
 year = {2008},
}

@INPROCEEDINGS{Moschitti04,
    author = {Alessandro Moschitti and Roberto Basili},
    title = {{Complex Linguistic Features for Text Classification: A Comprehensive Study}},
    booktitle = {Proceedings of the 26th European Conference on Information Retrieval},
    year = {2004}
}

@inproceedings{Lin06,
    author = {Lin, Wei H. and Wilson, Theresa and Wiebe, Janyce and Hauptmann, Alexander},
    booktitle = {Proceedings of the Tenth Conference on Computational Natural Language Learning},
    title = {{Which Side are You on? Identifying Perspectives at the Document and Sentence Levels}},
    year = {2006}
}

@InProceedings{greene09,
  author    = {Greene, Stephan  and  Resnik, Philip},
  title     = {{More than Words: Syntactic Packaging and Implicit Sentiment}},
  booktitle = {Proceedings of Human Language Technologies: The 2009 Annual Conference of the North American Chapter of the Association for Computational Linguistics},
    year      = {2009}
  }

@InProceedings{dasgupta2009,
  author    = {Dasgupta, Sajib  and  Ng, Vincent},
  title     = {{Topic-wise, Sentiment-wise, or Otherwise? {Identifying} the Hidden Dimension for Unsupervised Text Classification}},
  booktitle = {Proceedings of the 2009 Conference on Empirical Methods in Natural Language Processing},
    year      = {2009}


}

@InProceedings{lin2010,
  author    = {Lin, Chenghua  and  He, Yulan  and  Everson, Richard},
  title     = {{A Comparative Study of Bayesian Models for Unsupervised Sentiment Detection}},
  booktitle = {Proceedings of the Fourteenth Conference on Computational Natural Language Learning},
   year      = {2010},
}





@inproceedings{Wang09,
 author = {Wang, Fei and Wang, Xin and Li, Tao},
 title = {{Generalized Cluster Aggregation}},
 booktitle = {Proceedings of the 21st international jont conference on Artifical intelligence},
  year = {2009}
}

 @inproceedings{IDC,
 author = {El-Yaniv, Ran and Souroujon, Oren},
 title = {{Iterative Double Clustering for Unsupervised and Semi-supervised Learning}},
 booktitle = {Proceedings of the 12th European Conference on Machine Learning},
  year = {2001}
}

@InProceedings{carpuat:2013,
  author    = {Carpuat, Marine  and  Daume III, Hal  and  Henry, Katharine  and  Irvine, Ann  and  Jagarlamudi, Jagadeesh  and  Rudinger, Rachel},
  title     = {SenseSpotting: Never let your parallel data tie you to an old domain},
  booktitle = {Proceedings of the 51st Annual Meeting of the Association for Computational Linguistics (Volume 1: Long Papers)},
  month     = {August},
  year      = {2013},
  address   = {Sofia, Bulgaria},
}

@INPROCEEDINGS{mpqa,
    author = {Janyce Wiebe and Claire Cardie},
    title = {{Annotating Expressions of Opinions and Emotions in Language}},
    booktitle = {Language Resources and Evaluation},
   year = {2005}
}

@inproceedings{Pang:04,
 author = {Pang, Bo and Lee, Lillian},
 title = {{A Sentimental Education: Sentiment Analysis Using Subjectivity Summarization Based on Minimum Cuts}},
 booktitle = {Proceedings of the 42nd Annual Meeting on Association for Computational Linguistics},
 year = {2004},
 location = {Barcelona, Spain}
}


@INPROCEEDINGS{stanfordp,
    author = {Dan Klein and Christopher D. Manning},
    title = {{Accurate Unlexicalized Parsing}},
    booktitle = {Proceedings of the 41st Annual Meeting of the Association for Computational LinguisticsS},
    year = {2003},
    pages = {423--430},
}

@InProceedings{huang09,
  author    = {Huang, Zhongqiang  and  Eidelman, Vladimir  and  Harper, Mary},
  title     = {{Improving A Simple Bigram HMM Part-of-Speech Tagger by Latent Annotation and Self-Training}},
  booktitle = {Proceedings of Human Language Technologies: The 2009 Annual Conference of the North American Chapter of the Association for Computational Linguistics},
   year      = {2009},
  address   = {Boulder, Colorado}

}


@inproceedings{huang09a,
	Author = {Huang, Zhongqiang and Eidelman, Vladimir and Harper, Mary},
	Booktitle = {NAACL-HLT},
	Title = {{Improving A Simple Bigram HMM Part-of-Speech Tagger by Latent Annotation and Self-Training}},
	Year = {2009}
}
@InProceedings{cdec,
BookTitle = {Proceedings of ACL System Demonstrations},
author= {Chris Dyer and Adam Lopez and  Juri Ganitkevitch and  Jonathan Weese and Ferhan Ture and Phil Blunsom and Hendra Setiawan and Vladimir Eidelman and Philip Resnik},
title = {cdec: A Decoder, Alignment, and Learning Framework for Finite-State and Context-Free Translation Models},
year = {2010},
}

@InProceedings{papineni-EtAl:2002:ACL,
  author    = {Kishore Papineni  and  Salim Roukos  and  Todd Ward  and  Wei-Jing Zhu},
  title     = {{\scshape bleu}: a Method for Automatic Evaluation of Machine Translation},
  booktitle = {Proceedings of 40th Annual Meeting of the Association for Computational Linguistics},
  year      = {2002},
  pages     = {311--318},
}

@inproceedings{lopez:2007,
  author = {Adam Lopez},
  title = {Hierarchical phrase-based translation with suffix arrays},
  booktitle = {Proceedings of EMNLP},
pages = {{976-985}},
  year = 2007,
}

@inproceedings{srilm,
  author = {Andreas Stolcke},
  title = {{\scshape srilm} - an extensible language modeling toolkit},
  booktitle = {Intl. Conf. on Spoken Language Processing},
  year = 2002,
}

@inproceedings{kn:95,
  author    = {R. Kneser and H. Ney},
  title     = {Improved backing-off for m-gram language modeling},
  booktitle = {Proceedings of IEEE Internation Conference on Acoustics, Speech, and Signal Processing},
	pages = {{181-184}},
  year      = 1995,
}


@inproceedings{giza:2003,
  author    = {Franz Och and Hermann Ney},
  title     = {A systematic comparison of various statistical alignment models},
  booktitle = cl,
	volume = {{29(21)}},
pages = {{19-51}},
  year      = 2003,
}

@inproceedings{hiero:2007,
  author    = {David Chiang},
  title     = {Hierarchical phrase-based translation},
  booktitle = {Computational Linguistics},
	volume = {{33(2)}},
	pages = {{201-228}},
  year      = 2007,
}


@inproceedings{mbr:2004,
  author    = {Kumar, Shankar  and  Byrne, William},
  title     = {Minimum Bayes-Risk Decoding for Statistical Machine Translation},
  booktitle = {HLT-NAACL 2004: Main Proceedings },
  year      = 2004,

}

@InProceedings{randlm:2007,
  author    = {Talbot, David  and  Osborne, Miles},
  title     = {Randomised Language Modelling for Statistical Machine Translation},
  booktitle = {Proceedings of the 45th Annual Meeting of the Association of Computational Linguistics},
  month     = {June},
  year      = {2007},

}


@InProceedings{dyer:2009na,
author= {Chris Dyer},
title = {Using a maximum entropy model to build segmentation lattices for MT},
booktitle = {Proceedings of NAACL-HLT},
year = {2009},
}



@inproceedings{Razmara:acl,
  author = {Razmara, Majid and Foster, George and Sankaran, Baskaran and Sarkar, Anoop},
  title = {Mixing Multiple Translation Models in Statistical Machine Translation},
  booktitle = acl,
  year = {2012}
}
