@article{aicher-2014-wsbm,
  title={Learning Latent Block Structure in Weighted Networks},
  author={Aicher, Christopher and Jacobs, Abigail Z. and Clauset, Aaron},
  journal={Journal of Complex Networks},
  year={2014},
}

@inproceedings{albertini-1992-example2,
  title={For Neural Networks, Function Determines Form},
  author={Albertini, Francesca and Sontag, Eduardo D.},
  booktitle={Proceedings of IEEE Conference on Decision and Control},
  year={1992},
}

@inproceedings{andrzejewski-2009-topic-in-set,
  title={Latent {D}irichlet Allocation with Topic-in-set Knowledge},
  author={Andrzejewski, David and Zhu, Xiaojin},
  booktitle=naacl,
  year={2009},
}

@article{blei-2003-lda,
  title={Latent {D}irichlet Allocation},
  author={Blei, David M. and Ng, Andrew Y. and Jordan, Michael I.},
  journal=jmlr,
  year={2003},
}

@inproceedings{blei-2006-dtm,
    Author = {Blei, David M. and Lafferty, John D.},
    Booktitle = icml,
    Title = {Dynamic Topic Models},
    Year = {2006},
}

@inproceedings{boyd-graber-2007-tm-wsd,
  title={A Topic Model for Word Sense Disambiguation},
  author={Boyd-Graber, Jordan and Blei, David M. and Zhu, Xiaojin},
  booktitle=emnlp,
  year={2007},
}

@inproceedings{boyd-graber-2010-mlslda,
  title={Holistic Sentiment Analysis across Languages: Multilingual Supervised Latent {D}irichlet Allocation},
  author={Boyd-Graber, Jordan and Resnik, Philip},
  booktitle=emnlp,
  year={2010},
}

@inproceedings{chang-2009-word-intrusion,
  title={Reading Tea Leaves: How Humans Interpret Topic Models},
  author={Chang, Jonathan and Gerrish, Sean and Wang, Chong and Boyd-Graber, Jordan and Blei, David M.},
  booktitle=nips,
  year={2009},
}

@article{chang-2010-rtm,
  title={Hierarchical Relational Models for Document Networks},
  author={Chang, Jonathan and Blei, David M.},
  journal={The Annals of Applied Statistics},
  year={2010},
}

@inproceedings{chaturvedi-2012-topical-graph-kernel,
  title={A Topical Graph Kernel for Link Prediction in Labeled Graphs},
  author={Chaturvedi, Snigdha and Daum{\'e} III, Hal and Moon, Taesun and Srivastava, Shashank},
  booktitle=icml,
  year={2012},
}

@phdthesis{cowans-2006-thesis,
  title={Probabilistic Document Modelling},
  author={Cowans, Philip J.},
  year={2006},
  school={University of Cambridge},
}

@inproceedings{daume-2009-mrtf,
  title={Markov Random Topic Fields},
  author={Daum{\'e} III, Hal},
  booktitle=acl,
  year={2009},
}

@article{guimera-2013-sbm-categorical,
  title={A Network Inference Method for Large-scale Unsupervised Identification of Novel Drug-drug Interactions},
  author={Guimer{\`a}, Roger and Sales-Pardo, Marta},
  journal={PLoS Computational Biology},
  year={2013},
}

@article{holland-1983-sbm,
  title={Stochastic Blockmodels: First Steps},
  author={Holland, Paul W. and Laskey, Kathryn Blackmond and Leinhardt, Samuel},
  journal={Social Networks},
  year={1983},
}

@inproceedings{Hu-2014-ptlda,
	Title = {Polylingual Tree-Based Topic Models for Translation Domain Adaptation},
	Booktitle = acl,
	Author = {Yuening Hu and Ke Zhai and Vlad Eidelman and Jordan Boyd-Graber},
	Year = {2014},
}

@article{karrer-2011-sbm-degree-correction,
  title={Stochastic Blockmodels and Community Structure in Networks},
  author={Karrer, Brian and Newman, Mark EJ},
  journal={Physical Review E},
  year={2011},
}

@inproceedings{kim-2012-lmmg,
  title={Latent Multi-group Membership Graph Model},
  author={Kim, Myunghwan and Leskovec, Jure},
  booktitle=icml,
  year={2012},
}

@article{larremore-2014-sbm-bipartite,
  title={Efficiently Inferring Community Structure in Bipartite Networks},
  author={Larremore, Daniel B. and Clauset, Aaron and Jacobs, Abigail Z.},
  journal={Physical Review E},
  year={2014},
}

@article{koplon-1997-example1,
  title={Using {F}ourier-Neural Recurrent Networks to Fit Sequential Input/Output Data},
  author={Koplon, Ren{\'e}e and Sontag, Eduardo D.},
  journal={Neurocomputing},
  year={1997},
}

@inproceedings{lau-2014-auto-word-intrusion,
  title={Machine Reading Tea Leaves: Automatically Evaluating Topic Coherence and Topic Model Quality},
  author={Lau, Jey Han and Newman, David and Baldwin, Timothy},
  booktitle=acl,
  year={2014},
}

@inproceedings{li-2005-tm-cv,
  title={A {B}ayesian Hierarchical Model for Learning Natural Scene Categories},
  author={Li, Fei-Fei and Perona, Pietro},
  booktitle=cvpr,
  year={2005},
}

@article{liben-2007-link-pred,
  title={The Link-prediction Problem for Social Networks},
  author={Liben-Nowell, David and Kleinberg, Jon},
  journal={Journal of the American Society for Information Science and Technology},
  year={2007},
}

@article{liu-1989-lbfgs,
  title={On the Limited Memory {BFGS} Method for Large Scale Optimization},
  author={Liu, Dong C. and Nocedal, Jorge},
  journal={Mathematical Programming},
  year={1989},
}

@inproceedings{marlin-2003-tm-cf,
  title={Modeling User Rating Profiles For Collaborative Filtering},
  author={Marlin, Benjamin},
  booktitle=nips,
  year={2003},
}

@inproceedings{mcauliffe-2008-slda,
  title={Supervised Topic Models},
  author={McAuliffe, Jon D. and Blei, David M.},
  booktitle=nips,
  year={2008},
}

@article{mccallum-2000-cora,
  title={Automating the Construction of {I}nternet Portals with Machine Learning},
  author={Mc{C}allum, Andrew Kachites and Nigam, Kamal and Rennie, Jason and Seymore, Kristie},
  journal={Information Retrieval},
  year={2000},
}

@inproceedings{mccallum-2009-rethinking-lda,
  title={Rethinking {LDA}: Why Priors Matter},
  author={McCallum, Andrew and Mimno, David M. and Wallach, Hanna M.},
  booktitle=nips,
  year={2009},
}

@article{mcpherson-2001-homophily,
  title={Birds of a Feather: Homophily in Social Networks},
  author={McPherson, Miller and Smith-Lovin, Lynn and Cook, James M.},
  journal={Annual Review of Sociology},
  year={2001},
}

@inproceedings{mikolov-2013-word2vec,
  title={Distributed Representations of Words and Phrases and Their Compositionality},
  author={Mikolov, Tomas and Sutskever, Ilya and Chen, Kai and Corrado, Greg S. and Dean, Jeff},
  booktitle=nips,
  year={2013},
}

@inproceedings{mimno-2012-dir-mult-reg,
  title={Topic Models Conditioned on Arbitrary Features with {D}irichlet-multinomial Regression},
  author={Mimno, David and McCallum, Andrew},
  booktitle=uai,
  year={2012},
}

@inproceedings{moore-2004-log-like-ratio,
  title={On Log-Likelihood-Ratios and the Significance of Rare Events},
  author={Moore, Robert},
  booktitle=emnlp,
  year={2004},
}

@inproceedings{nguyen-2013-lexical,
  title={Lexical and Hierarchical Topic Regression},
  author={Nguyen, Viet-An and Boyd-Graber, Jordan and Resnik, Philip},
  booktitle=nips,
  year={2013},
}

@article{nguyen-2014-sits-journal,
	author = {Viet-An Nguyen and Jordan Boyd-Graber and Philip Resnik and Deborah Cai and Jennifer Midberry and Yuanxin Wang},
	journal = {Machine Learning},
	title = {Modeling Topic Control to Detect Influence in Conversations using Nonparametric Topic Models},
	Year = {2014},
}

@inproceedings{pennacchiotti-2011-tm-user-recommend,
  title={Investigating Topic Models for Social Media User Recommendation},
  author={Pennacchiotti, Marco and Gurumurthy, Siva},
  booktitle=www,
  year={2011},
}

@article{polson-2011-data,
  title={Data Augmentation for Support Vector Machines},
  author={Polson, Nicholas G. and Scott, Steven L.},
  journal={Bayesian Analysis},
  year={2011},
}

@inproceedings{purver-2006-dialog-seg,
  title={Unsupervised Topic Modelling for Multi-party Spoken Discourse},
  author={Purver, Matthew and Griffiths, Thomas L. and K{\"o}rding, Konrad P. and Tenenbaum, Joshua B.},
  booktitle=acl,
  year={2006},
}

@article{upton-1992-fishers-exact-test,
  title={Fisher's Exact Test},
  author={Upton, Graham JG},
  journal={Journal of the Royal Statistical Society},
  year={1992},
}

@inproceedings{volkova-2014-inferring,
  author={Volkova, Svitlana and Coppersmith, Glen and Van Durme, Benjamin},
  title={Inferring User Political Preferences from Streaming Communications},
  booktitle=acl,
  year={2014},
}

@phdthesis{wallach-2008-thesis,
  title={Structured Topic Models for Language},
  author={Wallach, Hanna M.},
  year={2008},
  school={University of Cambridge},
}

@article{wang-1987-sbm-directed,
  title={Stochastic Blockmodels for Directed Graphs},
  author={Wang, Yuchung J. and Wong, George Y.},
  journal={Journal of the American Statistical Association},
  year={1987},
}

@inproceedings{wei-2006-lda-ir,
  title={{LDA}-based Document Models for Ad-hoc Retrieval},
  author={Wei, Xing and Croft, W. Bruce},
  booktitle=sigir,
  year={2006},
}

@inproceedings{Yang:Boyd-Graber:Resnik-2015,
    Title = {Birds of a Feather Linked Together: A Discriminative Topic Model using Link-based Priors},
    Author = {Weiwei Yang and Jordan Boyd-Graber and Philip Resnik},
    Booktitle = emnlp,
    Year = {2015},
}

@inproceedings{zhai-2013-inf-vocab,
    Author = {Ke Zhai and Jordan Boyd-Graber},
    Booktitle = icml,
    Title = {Online Latent {D}irichlet Allocation with Infinite Vocabulary},
    Year = {2013},
}

@inproceedings{zhang-2003-ictclas,
  title={{HHMM}-based {C}hinese Lexical Analyzer {ICTCLAS}},
  author={Zhang, Hua-Ping and Yu, Hong-Kui and Xiong, De-Yi and Liu, Qun},
  booktitle={Proceedings of the second SIGHAN workshop on Chinese language processing-Volume 17},
  year={2003},
}

@article{zhu-2012-medlda,
  title={Med{LDA}: Maximum Margin Supervised Topic Models},
  author={Zhu, Jun and Ahmed, Amr and Xing, Eric P.},
  journal=jmlr,
  year={2012},
}

@article{zhu-2014-max-margin,
  title={Gibbs Max-margin Topic Models with Data Augmentation},
  author={Zhu, Jun and Chen, Ning and Perkins, Hugh and Zhang, Bo},
  journal=jmlr,
  year={2014},
}
